<record xmlns:xsi="http://www.w3.org/2001/XMLSchema-instance" xmlns="http://www.loc.gov/MARC21/slim" xsi:schemaLocation="http://www.loc.gov/MARC21/slim http://www.loc.gov/standards/marcxml/schema/MARC21slim.xsd">

  <leader>00697nam a22001937a 4500</leader>
  <controlfield tag="008">160512b2011    CR ||||| |||| 00| | spa d</controlfield>
  <datafield tag="090" ind2=" " ind1=" ">
    <subfield code="a">05.01.01</subfield>
    <subfield code="b"> 1555 </subfield>
  </datafield>
  <datafield ind1="1" ind2=" " tag="100">
    <subfield code="9">1751</subfield>
    <subfield code="a">Mora Alfaro, Jorge</subfield>
  </datafield>
  <datafield ind1="1" ind2="0" tag="245">
    <subfield code="a">Nuevos rumbos de la educación superior en América Latina: bien público, autonomía e internacionalización / </subfield>
    <subfield code="c">Jorge Mora, Claudio Rama</subfield>
  </datafield>
  <datafield ind2=" " ind1=" " tag="260">
    <subfield code="a">San José, Costa Rica : </subfield>
    <subfield code="b">FLACSO,</subfield>
    <subfield code="c">2011</subfield>
  </datafield>
  <datafield ind2=" " ind1=" " tag="300">
    <subfield code="a">101 páginas</subfield>
  </datafield>
  <datafield ind1=" " ind2=" " tag="490">
    <subfield code="a">Cuaderno de Ciencias Sociales, </subfield>
    <subfield code="v">no.157</subfield>
  </datafield>
  <datafield tag="650" ind1="1" ind2="4">
    <subfield code="9">276</subfield>
    <subfield code="a">CIENCIAS SOCIALES </subfield>
  </datafield>
  <datafield ind1="1" ind2="4" tag="650">
    <subfield code="9">8</subfield>
    <subfield code="a">EDUCACIÓN SUPERIOR</subfield>
  </datafield>
  <datafield ind1="1" ind2="4" tag="650">
    <subfield code="9">1752</subfield>
    <subfield code="a">AUTONOMÍA UNIVERSITARIA</subfield>
  </datafield>
  <datafield tag="651" ind1=" " ind2="4">
    <subfield code="9">273</subfield>
    <subfield code="a">AMÉRICA LATINA</subfield>
  </datafield>
  <datafield ind2=" " ind1="1" tag="700">
    <subfield code="9">1753</subfield>
    <subfield code="a">Rama, Claudio</subfield>
  </datafield>
  <datafield ind2=" " ind1=" " tag="942">
    <subfield code="2">z</subfield>
    <subfield code="c">03</subfield>
  </datafield>
  <datafield ind2=" " ind1=" " tag="999">
    <subfield code="c">3224</subfield>
    <subfield code="d">3224</subfield>
  </datafield>
</record>